@inproceedings{Ascher2014,
  author    = {Ascher, Dominik and Hackenberg, Georg},
  booktitle = {2014 International Conference on Connected Vehicles and Expo (ICCVE)},
  title     = {Early estimation of multi-objective traffic flow},
  year      = {2014},
  volume    = {},
  number    = {},
  pages     = {1056-1057},
  doi       = {10.1109/ICCVE.2014.7297511}
}
@inproceedings{Ascher2015,
  author    = {Ascher, Dominik and Hackenberg, Georg},
  booktitle = {2015 International Conference on Connected Vehicles and Expo (ICCVE)},
  title     = {Integrated transportation and power system modeling},
  year      = {2015},
  volume    = {},
  number    = {},
  pages     = {379-384},
  doi       = {10.1109/ICCVE.2015.23}
}
@inproceedings{Ascher2016,
  author    = {Ascher, Dominik and Hackenberg, Georg},
  booktitle = {2016 IEEE 19th International Conference on Intelligent Transportation Systems (ITSC)},
  title     = {The TRANSP-0 framework for integrated transportation and power system design},
  year      = {2016},
  volume    = {},
  number    = {},
  pages     = {945-952},
  doi       = {10.1109/ITSC.2016.7795669}
}
@inproceedings{Ascher2017,
  author    = {Ascher, Dominik and Hackenberg, Georg},
  booktitle = {2017 5th IEEE International Conference on Models and Technologies for Intelligent Transportation Systems (MT-ITS)},
  title     = {The passenger extension of the TRANSP-0 system design framework},
  year      = {2017},
  volume    = {},
  number    = {},
  pages     = {256-261},
  doi       = {10.1109/MTITS.2017.8005676}
}
@article{brake_demand_2004,
	title = {Demand responsive transport: towards the emergence of a new market segment},
	volume = {12},
	number = {4},
	journal = {Journal of Transport Geography},
	author = {Brake, Jenny and Nelson, John D and Wright, Steve},
	year = {2004},
	note = {Elsevier},
	pages = {323--337},
}

@article{pereirinha2018main,
  title={Main trends and challenges in road transportation electrification},
  author={Pereirinha, Paulo G and Gonz{\'a}lez, Manuela and Carrilero, Isabel and Anse{\'a}n, David and Alonso, Jorge and Viera, Juan C},
  journal={Transportation Research Procedia},
  volume={33},
  pages={235--242},
  year={2018},
  publisher={Elsevier}
}
@article{sachs2019six,
  title={Six transformations to achieve the sustainable development goals},
  author={Sachs, Jeffrey D and Schmidt-Traub, Guido and Mazzucato, Mariana and Messner, Dirk and Nakicenovic, Nebojsa and Rockstr{\"o}m, Johan},
  journal={Nature sustainability},
  volume={2},
  number={9},
  pages={805--814},
  year={2019},
  publisher={Nature Publishing Group UK London}
}
