@inproceedings{Ascher2015,
  author    = {Ascher, Dominik and Hackenberg, Georg},
  booktitle = {2015 International Conference on Connected Vehicles and Expo (ICCVE)},
  title     = {Integrated transportation and power system modeling},
  year      = {2015},
  volume    = {},
  number    = {},
  pages     = {379-384},
  doi       = {10.1109/ICCVE.2015.23}
}
@inproceedings{Ascher2016,
  author    = {Ascher, Dominik and Hackenberg, Georg},
  booktitle = {2016 IEEE 19th International Conference on Intelligent Transportation Systems (ITSC)},
  title     = {The TRANSP-0 framework for integrated transportation and power system design},
  year      = {2016},
  volume    = {},
  number    = {},
  pages     = {945-952},
  doi       = {10.1109/ITSC.2016.7795669}
}
@inproceedings{Ascher2014,
  author    = {Ascher, Dominik and Hackenberg, Georg},
  booktitle = {2014 International Conference on Connected Vehicles and Expo (ICCVE)},
  title     = {Early estimation of multi-objective traffic flow},
  year      = {2014},
  volume    = {},
  number    = {},
  pages     = {1056-1057},
  doi       = {10.1109/ICCVE.2014.7297511}
}